<?xml version="1.0" encoding="UTF-8"?><record xmlns="http://www.loc.gov/MARC21/slim" xmlns:cinclude="http://apache.org/cocoon/include/1.0" xmlns:zs="http://www.loc.gov/zing/srw/">
  <leader>00581nz  a2200193n  4500</leader>
  <controlfield tag="001">no2010186191</controlfield>
  <controlfield tag="003">DLC</controlfield>
  <controlfield tag="005">20101118073353.0</controlfield>
  <controlfield tag="008">101115n| acaaaaaan          |n ana     c</controlfield>
  <datafield tag="010" ind1=" " ind2=" ">
    <subfield code="a">no2010186191</subfield>
  </datafield>
  <datafield tag="035" ind1=" " ind2=" ">
    <subfield code="a">(OCoLC)oca08687610</subfield>
  </datafield>
  <datafield tag="040" ind1=" " ind2=" ">
    <subfield code="a">CoU</subfield>
    <subfield code="b">eng</subfield>
    <subfield code="c">CoU</subfield>
  </datafield>
  <datafield tag="130" ind1=" " ind2="0">
    <subfield code="a">Advances and technical standards in neurosurgery</subfield>
  </datafield>
  <datafield tag="642" ind1=" " ind2=" ">
    <subfield code="a">v. 35</subfield>
    <subfield code="5">DPCC</subfield>
    <subfield code="5">CoU</subfield>
  </datafield>
  <datafield tag="643" ind1=" " ind2=" ">
    <subfield code="a">Vienna</subfield>
    <subfield code="a">New York</subfield>
    <subfield code="b">Springer</subfield>
  </datafield>
  <datafield tag="644" ind1=" " ind2=" ">
    <subfield code="a">f</subfield>
    <subfield code="5">CoU</subfield>
  </datafield>
  <datafield tag="645" ind1=" " ind2=" ">
    <subfield code="a">t</subfield>
    <subfield code="5">DPCC</subfield>
    <subfield code="5">CoU</subfield>
  </datafield>
  <datafield tag="646" ind1=" " ind2=" ">
    <subfield code="a">s</subfield>
    <subfield code="5">CoU</subfield>
  </datafield>
  <datafield tag="670" ind1=" " ind2=" ">
    <subfield code="a">Low-grade gliomas, c2010 [online]:</subfield>
    <subfield code="b">image of ser. t.p. (Advances and technical standards in neurosurgery)</subfield>
  </datafield>
</record>